
@article{shalev-shwartz_pegasos:_2011,
	title = {Pegasos: Primal estimated sub-gradient solver for svm},
	volume = {127},
	pages = {3--30},
	number = {1},
	journaltitle = {Mathematical programming},
	author = {Shalev-Shwartz, Shai and Singer, Yoram and Srebro, Nathan and Cotter, Andrew},
	date = {2011}
}

@article{shalev-shwartz_pegasos:_????,
	title = {Pegasos: Primal Estimated sub-{GrAdient} {SOlver} for {SVM}},
	author = {Shalev-Shwartz, Shai and Singer, Yoram and Srebro, Nathan and Cotter, Andrew}
}

@inproceedings{ozgur_text_2005,
	title = {Text categorization with class-based and corpus-based keyword selection},
	pages = {606--615},
	booktitle = {International Symposium on Computer and Information Sciences},
	publisher = {Springer},
	author = {Özgür, Arzucan and Özgür, Levent and Güngör, Tunga},
	date = {2005}
}

@inproceedings{joachims_text_1998,
	title = {Text categorization with support vector machines: Learning with many relevant features},
	pages = {137--142},
	booktitle = {European conference on machine learning},
	publisher = {Springer},
	author = {Joachims, Thorsten},
	date = {1998}
}